<?xml version="1.0" encoding="UTF-8"?><collection xmlns="http://www.loc.gov/MARC21/slim"><record><leader>00442nam--2200145-i-4500</leader><controlfield tag="001">000014499</controlfield><controlfield tag="002">20161230</controlfield><controlfield tag="005">20161230201030</controlfield><controlfield tag="008">060222s1000------------r-----000-0-eng-d</controlfield><datafield ind1=" " ind2=" " tag="080"><subfield code="a">681.846.7</subfield></datafield><datafield ind1=" " ind2=" " tag="100"><subfield code="a">Stelian Lozneanu /S.A.</subfield></datafield><datafield ind1=" " ind2=" " tag="245"><subfield code="a">Casetofoane, functionare si depanare + anexa (14 planse)</subfield></datafield><datafield ind1=" " ind2=" " tag="260"><subfield code="a">Bucuresti, Ed. Tehnica, 1983. 147 P</subfield></datafield><datafield ind1=" " ind2=" " tag="490"><subfield code="a">Seria Practica:Automatica, Informatica, Electr Onica, Menagement</subfield></datafield><datafield ind1=" " ind2=" " tag="852"><subfield code="a">71274</subfield></datafield></record></collection>